@Article{schymanski_leaf-scale_2016,
    Title                    = {Leaf-scale experiments reveal important omission in the {Penman}-{Monteith} equation},
    Author                   = {Schymanski, Stanislaus J. and Or, Dani},
    Journal                  = {Hydrology and Earth SysAtem Sciences Discussions},
    Year                     = {2016},
    Month                    = jul,
    Pages                    = {1--33},
    Doi                      = {10.5194/hess-2016-363},
    ISSN                     = {1812-2116},
    Language                 = {en},
    Url                      = {http://www.hydrol-earth-syst-sci-discuss.net/hess-2016-363/},
    Urldate                  = {2016-08-25}
}
